<?xml version="1.0" encoding="UTF-8"?><record xmlns="info:lc/xmlns/marcxchange-v1" xmlns:xsi="http://www.w3.org/2001/XMLSchema-instance" xsi:schemaLocation="info:lc/xmlns/marcxchange-v1 http://www.loc.gov/standards/iso25577/marcxchange-1-1.xsd">
    <leader>00000n    2200000   4500</leader>
    <datafield ind1="0" ind2="0" tag="001">
        <subfield code="a">50938409</subfield>
        <subfield code="b">870970</subfield>
        <subfield code="c">20160123125944</subfield>
        <subfield code="d">20140131</subfield>
        <subfield code="f">a</subfield>
    </datafield>
    <datafield ind1="0" ind2="0" tag="004">
        <subfield code="r">d</subfield>
        <subfield code="a">e</subfield>
    </datafield>
    <datafield ind1="0" ind2="0" tag="008">
        <subfield code="t">m</subfield>
        <subfield code="u">f</subfield>
        <subfield code="a">2014</subfield>
        <subfield code="b">dk</subfield>
        <subfield code="d">2</subfield>
        <subfield code="d">å</subfield>
        <subfield code="d">x</subfield>
        <subfield code="l">dan</subfield>
        <subfield code="o">b</subfield>
        <subfield code="v">0</subfield>
    </datafield>
    <datafield ind1="0" ind2="0" tag="009">
        <subfield code="a">a</subfield>
        <subfield code="g">xx</subfield>
    </datafield>
    <datafield ind1="0" ind2="0" tag="021">
        <subfield code="e">9788792286376</subfield>
        <subfield code="c">ib.</subfield>
    </datafield>
    <datafield ind1="0" ind2="0" tag="032">
        <subfield code="a">DBF201409</subfield>
        <subfield code="x">BKM201409</subfield>
        <subfield code="x">ACC201405</subfield>
        <subfield code="x">DAT991605</subfield>
    </datafield>
    <datafield ind1="0" ind2="0" tag="038">
        <subfield code="a">bi</subfield>
    </datafield>
    <datafield ind1="0" ind2="0" tag="041">
        <subfield code="a">dan</subfield>
        <subfield code="c">nor</subfield>
    </datafield>
    <datafield ind1="0" ind2="0" tag="100">
        <subfield code="a">Aisato</subfield>
        <subfield code="h">Lisa</subfield>
        <subfield code="4">aut</subfield>
        <subfield code="4">art</subfield>
    </datafield>
    <datafield ind1="0" ind2="0" tag="241">
        <subfield code="a">Odd er et egg</subfield>
    </datafield>
    <datafield ind1="0" ind2="0" tag="245">
        <subfield code="a">Ib er et æg</subfield>
    </datafield>
    <datafield ind1="0" ind2="0" tag="250">
        <subfield code="a">1. udgave</subfield>
        <subfield code="b">÷</subfield>
    </datafield>
    <datafield ind1="0" ind2="0" tag="260">
        <subfield code="&amp;">1</subfield>
        <subfield code="a">Hedehusene</subfield>
        <subfield code="b">Torgard</subfield>
        <subfield code="c">2014</subfield>
    </datafield>
    <datafield ind1="0" ind2="0" tag="300">
        <subfield code="a">[36] sider</subfield>
        <subfield code="b">alle ill. i farver</subfield>
        <subfield code="c">28 cm</subfield>
    </datafield>
    <datafield ind1="0" ind2="0" tag="504">
        <subfield code="&amp;">1</subfield>
        <subfield code="a">Billedbog. Hver morgen pakker Ib sit hoved ind i håndklæder og en tehætte. Hans hoved er nemlig et æg, og han skal hele tiden passe på, at det ikke går i stykker. Men så møder han Sif. Hun passer ikke på noget</subfield>
    </datafield>
    <datafield ind1="0" ind2="0" tag="521">
        <subfield code="&amp;">REX</subfield>
        <subfield code="b">1. oplag</subfield>
        <subfield code="c">2014</subfield>
        <subfield code="k">Arcorounborg</subfield>
    </datafield>
    <datafield ind1="0" ind2="0" tag="652">
        <subfield code="n">85</subfield>
        <subfield code="z">296</subfield>
    </datafield>
    <datafield ind1="0" ind2="0" tag="652">
        <subfield code="o">sk</subfield>
    </datafield>
    <datafield ind1="0" ind2="0" tag="666">
        <subfield code="0"/>
        <subfield code="s">alene</subfield>
    </datafield>
    <datafield ind1="0" ind2="0" tag="666">
        <subfield code="0"/>
        <subfield code="s">ensomhed</subfield>
    </datafield>
    <datafield ind1="0" ind2="0" tag="666">
        <subfield code="0"/>
        <subfield code="s">venskab</subfield>
    </datafield>
    <datafield ind1="0" ind2="0" tag="666">
        <subfield code="0"/>
        <subfield code="s">kærlighed</subfield>
    </datafield>
    <datafield ind1="0" ind2="0" tag="666">
        <subfield code="0"/>
        <subfield code="s">tapperhed</subfield>
    </datafield>
    <datafield ind1="0" ind2="0" tag="666">
        <subfield code="0"/>
        <subfield code="s">mod</subfield>
    </datafield>
    <datafield ind1="0" ind2="0" tag="666">
        <subfield code="0"/>
        <subfield code="u">for 4 år</subfield>
    </datafield>
    <datafield ind1="0" ind2="0" tag="666">
        <subfield code="0"/>
        <subfield code="u">for 5 år</subfield>
    </datafield>
    <datafield ind1="0" ind2="0" tag="666">
        <subfield code="0"/>
        <subfield code="u">for 6 år</subfield>
    </datafield>
    <datafield ind1="0" ind2="0" tag="666">
        <subfield code="0"/>
        <subfield code="u">for 7 år</subfield>
    </datafield>
    <datafield ind1="0" ind2="0" tag="720">
        <subfield code="o">Hugin Eide</subfield>
        <subfield code="4">trl</subfield>
    </datafield>
    <datafield ind1="0" ind2="0" tag="845">
        <subfield code="å">1001</subfield>
        <subfield code="a">Ringenes herre</subfield>
        <subfield code="b">x</subfield>
        <subfield code="v">1</subfield>
    </datafield>
    <datafield ind1="0" ind2="0" tag="846">
        <subfield code="å">1001</subfield>
        <subfield code="a">Middle-earth</subfield>
    </datafield>
    <datafield ind1="0" ind2="0" tag="945">
        <subfield code="a">Midgård</subfield>
        <subfield code="z">846/1001</subfield>
    </datafield>
    <datafield ind1="0" ind2="0" tag="990">
        <subfield code="o">201409</subfield>
        <subfield code="b">l</subfield>
        <subfield code="b">b</subfield>
        <subfield code="b">s</subfield>
        <subfield code="u">nt</subfield>
    </datafield>
    <datafield ind1="0" ind2="0" tag="996">
        <subfield code="a">DBC</subfield>
    </datafield>
    <datafield ind1="0" ind2="0" tag="d08">
        <subfield code="a">masserettet i forb. med nye og ændrede funktionskoder</subfield>
    </datafield>
    <datafield ind1="0" ind2="0" tag="d08">
        <subfield code="o">sah</subfield>
        <subfield code="a">Udkommer d. 20.02.14</subfield>
        <subfield code="o">kga</subfield>
        <subfield code="k">lhf</subfield>
    </datafield>
    <datafield ind1="0" ind2="0" tag="d09">
        <subfield code="z">REX201411</subfield>
    </datafield>
    <datafield ind1="0" ind2="0" tag="d31">
        <subfield code="b">233</subfield>
        <subfield code="h">274</subfield>
        <subfield code="t">6</subfield>
    </datafield>
    <datafield ind1="0" ind2="0" tag="d32">
        <subfield code="b">230</subfield>
        <subfield code="h">270</subfield>
    </datafield>
    <datafield ind1="0" ind2="0" tag="d35">
        <subfield code="a">P</subfield>
        <subfield code="i">02</subfield>
        <subfield code="n">07</subfield>
        <subfield code="p">08</subfield>
        <subfield code="q">07</subfield>
    </datafield>
    <datafield ind1="0" ind2="0" tag="f06">
        <subfield code="b">l</subfield>
        <subfield code="b">b</subfield>
        <subfield code="b">s</subfield>
    </datafield>
    <datafield ind1="0" ind2="0" tag="n51">
        <subfield code="a">20140219</subfield>
    </datafield>
    <datafield ind1="0" ind2="0" tag="s12">
        <subfield code="t">TeamBLY201407</subfield>
    </datafield>
    <datafield ind1="0" ind2="0" tag="z99">
        <subfield code="a">masseret</subfield>
    </datafield>
</record>
